@MISC{LUdecomp,
		howpublished="\url{http://www.math4all.in/public_html/linear%20algebra/chapter2.7.html}",
		title="LU decomposition of matrices",
		month="July",
		year="2015",
		note="Accessed on 2020-09-07"

}

@MISC{ThomasAlgo,
		howpublished="\url{http://folk.ntnu.no/leifh/teaching/tkt4140/._main040.html}",
		title="Numerical Methods for Engineers-Tridiagonal systems of algebraic equations",
		month="January",
		year="2020",
		note="Accessed on 2020-09-07"		
}
@MISC{CodeExamples,
		howpublished="\url{https://github.com/CompPhysics/ComputationalPhysics/tree/master/doc/Projects/2020/Project1/CodeExamples}",
		title="Code Examples for Thomas algorithm and LU decomposition",
		note="Accessed on 2020-09-04"
}


@MISC{FYS3150LectureNotes,
		howpublished="\url{https://github.com/CompPhysics/ComputationalPhysics/tree/master/doc/HandWrittenNotes}",
		title="FYS3150 Lecture notes",
		note="Accessed on 2020-09-02"
}