@MISC{LUdecomp,
		howpublished="\url{http://www.math4all.in/public_html/linear%20algebra/chapter2.7.html}",
		title="LU decomposition of matrices",
		month="July",
		year="2015",
		note="Accessed on 2020-09-07"

}